@misc{us,
  title = "(User) Stories for Analytics Projects – Part 1",
  howpublished = "Disponível em \url{
                  https://rbranger.wordpress.com/2020/02/06/user-stories-for-analytics-projects-part-1/
                  }",
  note = "(Acedido 07/04/2024)",
}

@misc{storm,
  title = "Apache Storm",
  howpublished = "Disponível em \url{https://storm.apache.org/}",
  note = "(Acedido 07/04/2024)",
}
